<?xml version="1.0" encoding="UTF-8"?><collection xmlns="http://www.loc.gov/MARC21/slim"><record><leader>00391nam--2200133-i-4500</leader><controlfield tag="001">000007949</controlfield><controlfield tag="002">20161230</controlfield><controlfield tag="005">20161230201027</controlfield><controlfield tag="008">060222s1000------------r-----000-0-eng-d</controlfield><datafield ind1=" " ind2=" " tag="080"><subfield code="a">007</subfield></datafield><datafield ind1=" " ind2=" " tag="100"><subfield code="a">Bar-Hillel, Yehoshua</subfield></datafield><datafield ind1=" " ind2=" " tag="245"><subfield code="a">Language and information. selected essays on their theory and application</subfield></datafield><datafield ind1=" " ind2=" " tag="260"><subfield code="a">Reading, Mass., Addison-wesley Publ.Co., 1964. X + 388 P</subfield></datafield><datafield ind1=" " ind2=" " tag="852"><subfield code="a">25384</subfield></datafield></record></collection>